%% This BibTeX bibliography file was created using BibDesk.
%% http://bibdesk.sourceforge.net/


%% Created for Timon Höbert at 2013-09-17 18:57:14 +0200 


%% Saved with string encoding Unicode (UTF-8) 



@misc{Firebase64:online,
	author = {},
	title = {Firebase},
	howpublished = {\url{https://firebase.google.com/products/}},
	month = {},
	year = {},
	note = {(Accessed on 2018-04-17)}
}

@misc{CloudFir66:online,
	author = {},
	title = {Cloud Firestore  |  Firebase},
	howpublished = {\url{https://firebase.google.com/docs/firestore/}},
	month = {},
	year = {},
	note = {(Accessed on 2018-04-17)}
}

@misc{ChooseaD34:online,
	author = {},
	title = {Choose a Database: Cloud Firestore or Realtime Database  |  Firebase},
	howpublished = {\url{https://firebase.google.com/docs/database/rtdb-vs-firestore}},
	month = {},
	year = {},
	note = {(Accessed on 2018-04-17)}
}

@misc{CloudFir12:online,
	author = {},
	title = {Cloud Firestore Data Model  |  Firebase},
	howpublished = {\url{https://firebase.google.com/docs/firestore/data-model}},
	month = {},
	year = {},
	note = {(Accessed on 2018-04-17)}
}

@misc{Interfac64:online,
	author = {},
	title = {Interface: Firestore  |  Firebase},
	howpublished = {\url{https://firebase.google.com/docs/reference/js/firebase.firestore.Firestore}},
	month = {},
	year = {},
	note = {(Accessed on 2018-04-17)}
}

@misc{Couchbas67:online,
	author = {},
	title = {Couchbase Mobile | Products},
	howpublished = {\url{https://www.couchbase.com/products/mobile}},
	month = {},
	year = {},
	note = {(Accessed on 2018-04-17)}
}

@misc{deployd58:online,
	author = {},
	title = {deployd},
	howpublished = {\url{http://docs.deployd.com/docs/getting-started/what-is-deployd.html}},
	month = {},
	year = {},
	note = {(Accessed on 2018-04-17)}
}

@misc{Firehose82:online,
	author = {},
	title = {Firehose | Build realtime web applications},
	howpublished = {\url{http://firehose.io/}},
	month = {},
	year = {},
	note = {(Accessed on 2018-04-17)}
}

@misc{invertas82:online,
	author = {},
	title = {invertase/react-native-firebase-starter: A basic react native app with react-native-firebase pre-integrated so you can get started quickly.},
	howpublished = {\url{https://github.com/invertase/react-native-firebase-starter}},
	month = {},
	year = {},
	note = {(Accessed on 2018-04-17)}
}

@misc{Firebase65:online,
	author = {},
	title = {Firebase console},
	howpublished = {\url{https://console.firebase.google.com/u/0/}},
	month = {},
	year = {},
	note = {(Accessed on 2018-04-17)}
}

@misc{EnableOf96:online,
	author = {},
	title = {Enable Offline Data  |  Firebase},
	howpublished = {\url{https://firebase.google.com/docs/firestore/manage-data/enable-offline}},
	month = {},
	year = {},
	note = {(Accessed on 2018-04-17)}
}